@article{verynice2025,
  author = {Very nice},
  journal = {Speciel},
  number = {4},
  title = {The nice article},
  volume = {4431},
  year = {2025}
}