@misc{history_wikipedia,
  author = {diverse},
  howpublished = {\url{https://de.wikipedia.org/wiki/Geschichte_des_Lautsprechers}},
  title = {Geschichte des Lautsprechers},
  year = {2024}
}

@misc{history_connect,
  author = {Malte Ruhnk},
  howpublished = {\url{https://www.connect.de/ratgeber/lautsprecher-geschichte-entwicklung-historie-3195199.html}},
  title = {Die Entwicklung der Lautsprecher},
  year = {2016}
}

@article{history_tu_berlin,
  author = {Georg Saßnowski.},
  journal = {Technische Universtiät Berlin},
  title = {DIE HISTORISCHE ENTWICKLUNG VON LAUTSPRECHERN UND IHRES EINSATZES BEI KONZERTVERANSTALTUNGEN},
  year = {2008}
}

@misc{bassreflex_wikipedia,
  author = {diverse},
  howpublished = {\url{https://de.wikipedia.org/wiki/Bassreflex-Gehäuse}},
  title = {Bassreflex-Gehäuse},
  year = {2024}
}